% This file was created with JabRef 2.10.
% Encoding: Cp1252


@Electronic{bib_2,
  Title                    = {Fundamentals of embedded video},
  Author                   = {David Katz and Rick Gentile},
  Month                    = {10},
  Organization             = {Analog Devices},
  Url                      = {http://www.edn.com/Home/PrintView?contentItemId$=$4017541},
  Year                     = {2007},
  howpublished             = {http://www.edn.com/Home/PrintView?contentItemId$=$4017541},
  Timestamp                = {2014.11.20}
}

@MastersThesis{bib_8,
  Title                    = {Face tracking based on haar$-$like features and eigenfaces},
  Author                   = {Paulo Menezes and Jose Carlos Barreto and Jorge Dias},
  School                   = {ISR$-$University of Coimbra, Portugal and LAAS$-$CNRS, Toulouse, France and ESA, Villafranca, Spain},
  Year                     = {unknown},

  Owner                    = {Gert$-$Jan},
  Timestamp                = {2014.12.10}
}

@Article{bib_10,
  Title                    = {Haar$-$like features with optimally weighted rectangles for rapid object detection},
  Author                   = {Sri$-$Kaushik Pavani and David Delgado and Alejandro F. Frangi},
  Journal                  = {ScienceDirect},
  Year                     = {2009},

  Owner                    = {Gert$-$Jan},
  Timestamp                = {2014.12.10}
}

@Electronic{bib_13,
  Title                    = {Video Templates for Developing Multimedia Applications on Blackfin Processors},
  Author                   = {Kaushal Sanghai},
  HowPublished             = {http://www.analog.com/static/imported$-$files/application\textunderscore notes/EE\textunderscore 301.pdf},
  Month                    = {9},
  Organization             = {Analog Devices},
  Url                      = {http://www.analog.com/static/imported$-$files/application\textunderscore notes/EE\textunderscore 301.pdf},
  Year                     = {2006},

  Owner                    = {Gert$-$Jan},
  Timestamp                = {2014.12.16}
}

@Electronic{bib_1,
  Title                    = {A Brief Introduction to Digital Video},
  Author                   = {Haywood Steve},
  HowPublished             = {http://spacewire.co.uk/video\textunderscore standard.html},
  Language                 = {English},
  Organization             = {Spacewire},
  Url                      = {http://spacewire.co.uk/video\textunderscore standard.html},
  Year                     = {2014},

  Timestamp                = {2014.20.11}
}

@Article{bib_11,
  Title                    = {Goed beeld met weinig pixels},
  Author                   = {André Thiriot},
  Journal                  = {Elektor},
  Year                     = {2010},

  Month                    = {9},
  Pages                    = {48$-$53},
  Volume                   = {563},

  Owner                    = {Gert$-$Jan},
  Timestamp                = {2014.11.20}
}

@Electronic{bib_11,
  Title                    = {Blackfin image processing toolbox},
  HowPublished             = {http://www.analog.com/en/dsp$-$software/bf\textunderscore iptbx\textunderscore 00/sw.html},
  Organization             = {Analog Devices},
  Url                      = {http://www.analog.com/en/dsp$-$software/bf\textunderscore iptbx\textunderscore 00/sw.html},

  Timestamp                = {2014.12.10}
}

@Electronic{bib_4,
  Title                    = {ITU$-$R BT.656 Protocol},
  HowPublished             = {http://techdocs.altium.com/display/FPGA/ITU$-$R+ BT.656+Protocol},
  Month                    = {11},
  Organization             = {Altium},
  Url                      = {http://techdocs.altium.com/display/FPGA/ITU$-$R+ BT.656+Protocol},
  Year                     = {2013},

  Timestamp                = {2014.11.20}
}

@Electronic{bib_6,
  Title                    = {Haar Feature$-$based Cascade Classifier for Object Detection},

  Address                  = {http://docs.opencv.org/modules/objdetect/doc/cascade\textunderscore classification.html},
  HowPublished             = {http://docs.opencv.org/modules/objdetect/doc/cascade\textunderscore classification.html},
  Organization             = {OpenCV},
  Year                     = {2013},

  Timestamp                = {2014.12.1}
}

@Electronic{bib_13,
  Title                    = {ADSP$-$BF561 EZ$-$KIT Lite Evaluation System Manual},
  HowPublished             = {http://www.analog.com/static/imported$-$files/eval\textunderscore kit\textunderscore manuals/ADSP$-$BF561\textunderscore ezkit\textunderscore man\textunderscore rev.3.3.pdf},
  Month                    = {7},
  Organization             = {Analog Devices},
  Url                      = {http://www.analog.com/static/imported$-$files/eval\textunderscore kit\textunderscore manuals/ADSP$-$BF561\textunderscore ezkit\textunderscore man\textunderscore rev.3.3.pdf},
  Year                     = {2012},

  Owner                    = {Gert$-$Jan},
  Timestamp                = {2014.12.16}
}

@Electronic{bib_12,
  Title                    = {Blackfin Embedded Symmetric Multiprocessor},
  HowPublished             = {http://www.analog.com/static/imported$-$files/data\textunderscore sheets/ADSP$-$BF561.pdf},
  Month                    = {9},
  Organization             = {Analog Devices},
  Url                      = {http://www.analog.com/static/imported$-$files/data\textunderscore sheets/ADSP$-$BF561.pdf},
  Year                     = {2009},

  Owner                    = {Gert$-$Jan},
  Timestamp                = {2014.12.16}
}

@Electronic{bib_3,
  Title                    = {BT.656 Video Interface for ICs},
  HowPublished             = {http://www.intersil.com/content/dam/Intersil/ documents/an97/an9728.pdf},
  Month                    = {7},
  Organization             = {Intersil},
  Url                      = {http://www.intersil.com/content/dam/Intersil/ documents/an97/an9728.pdf},
  Year                     = {2002},

  Timestamp                = {2014.11.20}
}


@online{bib_15,
  Title                    = {http://m.eet.com/media/1067260/adifigure10\textunderscore big.gif}
}

@online{bib_16,
  Title                    = {http://m.eet.com/media/1067259/adifigure9\textunderscore big.gif}
}
@online{bib_17,
  Title                    = {https://hbfs.files.wordpress.com/2010/07/rgb.png}
}

@online{bib_18,
  Title                    = {http://upload.wikimedia.org/wikipedia/commons/thumb/f/f9/YUV\textunderscore UV\textunderscore plane.svg/ 2000px$-$YUV\textunderscore UV\textunderscore plane.svg.png}
}